<record><leader>00000cas a22000007a 4500</leader><controlfield tag="001">11136167</controlfield><controlfield tag="008">840910d186718uuiauwr ne      0    0eng d</controlfield><datafield ind1=" " ind2=" " tag="010"><subfield code="a">sn 84037929 </subfield></datafield><datafield ind1=" " ind2=" " tag="040"><subfield code="a">NPX</subfield><subfield code="b">eng</subfield><subfield code="c">NPX</subfield><subfield code="d">INP</subfield><subfield code="d">NVF</subfield><subfield code="d">OCLCQ</subfield></datafield><datafield ind1=" " ind2=" " tag="042"><subfield code="a">msc</subfield></datafield><datafield ind1="0" ind2=" " tag="130"><subfield code="a">Weekly gazette (Burlington, Iowa)</subfield></datafield><datafield ind1="1" ind2="0" tag="245"><subfield code="a">Weekly gazette.</subfield></datafield><datafield ind1="1" ind2="3" tag="246"><subfield code="a">Burlington gazette</subfield><subfield code="f">&lt;Dec. 5, 1878-Sept. 22, 1881&gt;</subfield></datafield><datafield ind1="1" ind2="7" tag="246"><subfield code="a">Burlington weekly gazette</subfield><subfield code="f">&lt;Dec. 5-12, 1878&gt;</subfield></datafield><datafield ind1=" " ind2=" " tag="260"><subfield code="a">Burlington, Iowa :</subfield><subfield code="b">[s.n.]</subfield></datafield><datafield ind1=" " ind2=" " tag="300"><subfield code="a">v. :</subfield><subfield code="b">ill. ;</subfield><subfield code="c">74 cm.</subfield></datafield><datafield ind1=" " ind2=" " tag="310"><subfield code="a">Weekly</subfield></datafield><datafield ind1="1" ind2=" " tag="362"><subfield code="a">Began in June 1867.</subfield><subfield code="z">Cf. Bibl. of Iowa newspapers.</subfield></datafield><datafield ind1=" " ind2=" " tag="500"><subfield code="a">"Democratic," &lt;1876&gt;.</subfield></datafield><datafield ind1=" " ind2=" " tag="588"><subfield code="a">Description based on: Vol. 39, no. 6 (July 13, 1876).</subfield></datafield><datafield ind1=" " ind2=" " tag="752"><subfield code="a">United States</subfield><subfield code="b">Iowa</subfield><subfield code="c">Des Moines</subfield><subfield code="d">Burlington.</subfield></datafield><datafield ind1="0" ind2=" " tag="775"><subfield code="t">Evening gazette (Burlington, Iowa : 1875)</subfield><subfield code="w">(DLC)sn 86060021</subfield><subfield code="g">&lt;July 13, 1876&gt;</subfield></datafield><datafield ind1="0" ind2=" " tag="775"><subfield code="t">Burlington daily gazette (Burlington, Iowa : 1876)</subfield><subfield code="w">(DLC)sn 84027062</subfield><subfield code="g">&lt;Aug. 17, 1876&gt;</subfield></datafield><datafield ind1="0" ind2="0" tag="780"><subfield code="t">Gazette and Argus</subfield></datafield><datafield ind1="0" ind2="0" tag="785"><subfield code="t">Burlington weekly gazette (Burlington, Iowa)</subfield><subfield code="w">(DLC)sn 86060033</subfield></datafield></record>